<?xml version="1.0" encoding="UTF-8"?><collection xmlns="http://www.loc.gov/MARC21/slim"><record><leader>00669nam--2200193-u-4500</leader><controlfield tag="001">000054894</controlfield><controlfield tag="002">20161230</controlfield><controlfield tag="005">20161230201051</controlfield><controlfield tag="008">120628s1000------------r-----000-0-eng-d</controlfield><datafield ind1=" " ind2=" " tag="020"><subfield code="a">9971500086</subfield></datafield><datafield ind1=" " ind2=" " tag="040"><subfield code="a">IFIN-HH</subfield></datafield><datafield ind1=" " ind2=" " tag="080"><subfield code="a">539.172.13(061.3)</subfield></datafield><datafield ind1="1" ind2=" " tag="100"><subfield code="a">Aoki, Y. /S.A.</subfield></datafield><datafield ind1="1" ind2="0" tag="245"><subfield code="a">Deuteron involving reactions and polarization phenomena</subfield><subfield code="b">Proceedings of the tsukuba international workshop on deuteron involving reactions and polarization phenomena (tsukuba, august 22-23, 1985)</subfield><subfield code="c">Y. aoki, k. yagi (eds.)</subfield></datafield><datafield ind1=" " ind2=" " tag="260"><subfield code="a">Singapore</subfield><subfield code="b">World Scientific</subfield><subfield code="c">1986</subfield></datafield><datafield ind1=" " ind2=" " tag="300"><subfield code="a">383P</subfield></datafield><datafield ind1="1" ind2=" " tag="700"><subfield code="a">Yagi, K</subfield><subfield code="e">Ed</subfield></datafield><datafield ind1=" " ind2=" " tag="852"><subfield code="a">79142</subfield><subfield code="c">539.17</subfield></datafield><datafield ind1=" " ind2=" " tag="CAT"><subfield code="a">Sys</subfield><subfield code="c">20120628</subfield><subfield code="h">112314</subfield></datafield></record></collection>